% Encoding: UTF-8

@Article{sluga2002,
  author  = {Paternostro-Sluga and Schuhfired O. et al},
  title   = {Chronaxie and accommodation index in the diagnosis of muscle denervation},
  journal = {Am J Phys Med Rehabil},
  year    = {2002},
  volume  = {81},
  number  = {4},
  pages   = {253-60},
}


@Article{schuhfried2005,
  author  = {Schuhfried O. and Kollmann C. and Paternostro-Sluga T.},
  title   = {xcitability of chronic hemiparetic muscles: determination of chronaxie values and strength-duration curves and its implication in functional electrical stimulation},
  journal = {IEEE Trans Neural Syst Rehabil Eng,},
  year    = {2005},
  volume  = {13},
  number  = {1},
  pages   = {105-9},
}

@Article{lee2013,
  author  = {Lee WD and Kim JH et al},
  title   = {Differences in Rheobase and Chronaxie between the Paretic and Non-Paretic Sides of Hemiplegic Stroke Patients: a Pilot Study},
  journal = {J Phys Ther Sci},
  year    = {2013},
  volume  = {25},
  number  = {6},
  pages   = {717-9},
}

@Article{van2011,
  author  = {Van Middendorp JJ and Cross B and Urquhart S and Atresh S and Williams RP},
  title   = {Diagnosis and Prognosis of Traumatic Spinal Cord Injury},
  journal = {Global Spine J},
  year    = {2011},
}

@Article {silvaPE,
    author = {Silva PE and Babault N and Mazullo JB et al},
    title = {Safety and feasibility of a neuromuscular electrical stimulation chronaxie-based protocol in critical ill patients: A prospective observational study},
    year = {2017},
    journal = {J Crit Car}
}

@Comment{jabref-meta: databaseType:bibtex;}
